<record><leader>00000cas a22000007a 4500</leader><controlfield tag="001">12112203</controlfield><controlfield tag="008">850603d18771960wiuwr ne      0    0eng d</controlfield><datafield ind1=" " ind2=" " tag="010"><subfield code="a">sn 85040773 </subfield></datafield><datafield ind1=" " ind2=" " tag="040"><subfield code="a">NPV</subfield><subfield code="b">eng</subfield><subfield code="c">NPV</subfield><subfield code="d">OCLCQ</subfield></datafield><datafield ind1=" " ind2=" " tag="042"><subfield code="a">msc</subfield></datafield><datafield ind1="0" ind2="4" tag="245"><subfield code="a">The Central union.</subfield></datafield><datafield ind1="1" ind2="3" tag="246"><subfield code="a">Packwaukee news</subfield></datafield><datafield ind1="1" ind2="3" tag="246"><subfield code="a">Oxford times</subfield></datafield><datafield ind1=" " ind2=" " tag="260"><subfield code="a">Westfield, Wis. :</subfield><subfield code="b">S.D. Forbes,</subfield><subfield code="c">-1960.</subfield></datafield><datafield ind1=" " ind2=" " tag="310"><subfield code="a">Weekly</subfield></datafield><datafield ind1="0" ind2=" " tag="362"><subfield code="a">-v. 83, no. 11 (Aug. 25, 1960).</subfield></datafield><datafield ind1="1" ind2=" " tag="362"><subfield code="a">Began with May 30, 1877 issue.</subfield><subfield code="z">Cf. Oct. 23, 1958 issue.</subfield></datafield><datafield ind1=" " ind2=" " tag="500"><subfield code="a">Added title page for: Packwaukee news, &lt;Jan. 9&gt;-July 10, 1919.</subfield></datafield><datafield ind1=" " ind2=" " tag="500"><subfield code="a">Added title page with separate numbering sequence: Oxford times, Nov. 5, 1920-March 25, 1925; continued by: Endeavor journal. Cf. Central Union, April 8, 1925.</subfield></datafield><datafield ind1=" " ind2=" " tag="500"><subfield code="a">Publisher varies.</subfield></datafield><datafield ind1=" " ind2=" " tag="500"><subfield code="a">Facsimile of front page of Vol. 1, no. 1 in Oct. 23, 1958 issue.</subfield></datafield><datafield ind1=" " ind2=" " tag="588"><subfield code="a">Description based on: Vol. 1, no. 6 (July 4, 1877).</subfield></datafield><datafield ind1=" " ind2=" " tag="752"><subfield code="a">United States</subfield><subfield code="b">Wisconsin</subfield><subfield code="c">Marquette</subfield><subfield code="d">Westfield.</subfield></datafield><datafield ind1="0" ind2="5" tag="780"><subfield code="t">Oxford times (Oxford, Wis.)</subfield><subfield code="w">(DLC)sn 85041308</subfield></datafield><datafield ind1="0" ind2="4" tag="785"><subfield code="t">Marquette County tribune</subfield><subfield code="w">(DLC)sn 87082013</subfield></datafield></record>